<?xml version="1.0" encoding="UTF-8"?><collection xmlns="http://www.loc.gov/MARC21/slim"><record><leader>00696nam--2200181-i-4500</leader><controlfield tag="001">000011108</controlfield><controlfield tag="002">20161230</controlfield><controlfield tag="005">20161230201029</controlfield><controlfield tag="008">060222s1000------------r-----000-0-fre-d</controlfield><datafield ind1=" " ind2=" " tag="040"><subfield code="a">IFIN-HH</subfield></datafield><datafield ind1=" " ind2=" " tag="041"><subfield code="a">fre</subfield></datafield><datafield ind1=" " ind2=" " tag="080"><subfield code="a">533.9</subfield></datafield><datafield ind1="1" ind2=" " tag="100"><subfield code="a">Chaudron, G</subfield></datafield><datafield ind1="1" ind2="0" tag="245"><subfield code="a">La Chimie des hautes temperatures. Troisieme Colloque National</subfield><subfield code="b">Les Chalumeaux et fours a Plasma et leurs applications. Paris, 11-12 Decembre 1962</subfield><subfield code="c">G. Chaudron (sous la presidence deM. le Professeur)</subfield></datafield><datafield ind1=" " ind2=" " tag="260"><subfield code="a">Paris</subfield><subfield code="b">Editions du Centre National de la Recherche Scientifique</subfield><subfield code="c">1963</subfield></datafield><datafield ind1=" " ind2=" " tag="490"><subfield code="a">Colloques Nationaux du Centre National de la Recherche Scientifique</subfield></datafield><datafield ind1=" " ind2=" " tag="852"><subfield code="a">30548</subfield><subfield code="c">533.9</subfield></datafield><datafield ind1=" " ind2=" " tag="CAT"><subfield code="a">Sys</subfield><subfield code="c">20100923</subfield><subfield code="h">111739</subfield></datafield></record></collection>